<record><leader>00000cas a22000007a 4500</leader><controlfield tag="001">19525817</controlfield><controlfield tag="008">890410d191419uucouwr ne      0    0eng d</controlfield><datafield ind1=" " ind2=" " tag="010"><subfield code="a">sn 89052075 </subfield></datafield><datafield ind1=" " ind2=" " tag="040"><subfield code="a">CNQ</subfield><subfield code="b">eng</subfield><subfield code="c">CNQ</subfield><subfield code="d">OCLCQ</subfield></datafield><datafield ind1=" " ind2=" " tag="042"><subfield code="a">msc</subfield></datafield><datafield ind1="0" ind2="4" tag="245"><subfield code="a">The Hooper-Mosca tribune.</subfield></datafield><datafield ind1=" " ind2=" " tag="260"><subfield code="a">Hooper, Alamosa County, Colo. :</subfield><subfield code="b">Hooper-Mosca Tribune Pub. Co.</subfield></datafield><datafield ind1=" " ind2=" " tag="300"><subfield code="a">v.</subfield></datafield><datafield ind1=" " ind2=" " tag="310"><subfield code="a">Weekly</subfield></datafield><datafield ind1="0" ind2=" " tag="362"><subfield code="a">Vol. 24, no. 36 (Feb. 7, 1914)-</subfield></datafield><datafield ind1=" " ind2=" " tag="530"><subfield code="a">Available on microfilm from the Colorado Historical Society.</subfield></datafield><datafield ind1=" " ind2=" " tag="752"><subfield code="a">United States</subfield><subfield code="b">Colorado</subfield><subfield code="c">Alamosa</subfield><subfield code="d">Hooper.</subfield></datafield><datafield ind1=" " ind2=" " tag="752"><subfield code="a">United States</subfield><subfield code="b">Colorado</subfield><subfield code="c">Alamosa</subfield><subfield code="d">Mosca.</subfield></datafield><datafield ind1="0" ind2="0" tag="780"><subfield code="t">Hooper tribune</subfield><subfield code="w">(DLC)sn 89052074</subfield></datafield></record>